<record><leader>00000cas a22000007a 4500</leader><controlfield tag="001">32766015</controlfield><controlfield tag="008">950705d189u189unmuwr ne      0    0eng d</controlfield><datafield ind1=" " ind2=" " tag="010"><subfield code="a">sn 95070572 </subfield></datafield><datafield ind1=" " ind2=" " tag="040"><subfield code="a">NVM</subfield><subfield code="b">eng</subfield><subfield code="c">NVM</subfield><subfield code="d">OCLCQ</subfield></datafield><datafield ind1=" " ind2=" " tag="042"><subfield code="a">msc</subfield></datafield><datafield ind1=" " ind2=" " tag="043"><subfield code="a">n-us-nm</subfield></datafield><datafield ind1="0" ind2=" " tag="130"><subfield code="a">Junction City times (Junction City, N.M.)</subfield></datafield><datafield ind1="1" ind2="0" tag="245"><subfield code="a">Junction City times.</subfield></datafield><datafield ind1="1" ind2="3" tag="246"><subfield code="a">Junction City weekly times</subfield></datafield><datafield ind1=" " ind2=" " tag="260"><subfield code="a">Junction City, N.M. :</subfield><subfield code="b">Willis &amp; Day</subfield></datafield><datafield ind1=" " ind2=" " tag="300"><subfield code="a">v.</subfield></datafield><datafield ind1=" " ind2=" " tag="310"><subfield code="a">Weekly</subfield></datafield><datafield ind1=" " ind2=" " tag="588"><subfield code="a">Description based on: Vol. 2, no. 6 (Aug. 11, 1892).</subfield></datafield><datafield ind1=" " ind2="0" tag="651"><subfield code="a">Junction City (N.M.)</subfield><subfield code="v">Newspapers.</subfield></datafield><datafield ind1=" " ind2="0" tag="651"><subfield code="a">San Juan County County (N.M.)</subfield><subfield code="v">Newspapers.</subfield></datafield><datafield ind1=" " ind2=" " tag="752"><subfield code="a">United States</subfield><subfield code="b">New Mexico</subfield><subfield code="c">San Juan</subfield><subfield code="d">Junction City.</subfield></datafield><datafield ind1="1" ind2=" " tag="029"><subfield code="a">AU@</subfield><subfield code="b">000011783107</subfield></datafield></record>